@Manual{bib:abnt10520,
  title        = {NBR 10520 - Informação e documentação – Citações em documentos – Apresentação.},
  address      = {Rio de Janeiro},
  author       = {ABNT},
  organization = {Associação Brasileira de Normas Técnicas},
  year         = {2002},
}

@Manual{bib:abnt6028,
  title        = {NBR 6028 - Informação e documentação - Resumo - Apresentação.},
  address      = {Rio de Janeiro},
  author       = {ABNT},
  organization = {Associação Brasileira de Normas Técnicas},
  year         = {2002},
}

@Manual{bib:abnt1225,
  title        = {NBR 12225 - Informação e documentação - Lombada - Apresentação.},
  address      = {Rio de Janeiro},
  author       = {ABNT},
  edition      = {2},
  organization = {Associação Brasileira de Normas Técnicas},
  year         = {2004},
}

@Manual{bib:abnt14724,
  title        = {NBR 14724 - informações e Documentação - Trabalhos Acadêmicos - Apresentação.},
  address      = {Rio de Janeiro},
  author       = {ABNT},
  edition      = {3},
  organization = {Associação Brasileira de Normas Técnicas},
  year         = {2011},
}

@Manual{bib:abnt6024,
  title        = {NBR 6024 - Informação e documentação - Numeração progressiva das seções de um documento - Apresentação.},
  address      = {Rio de Janeiro},
  author       = {ABNT},
  edition      = {2},
  organization = {Associação Brasileira de Normas Técnicas},
  year         = {2012},
}

@Manual{bib:abnt6027,
  title        = {NBR 6027 - Informação e documentação - Sumário - Apresentação.},
  address      = {Rio de Janeiro},
  author       = {ABNT},
  edition      = {2},
  organization = {Associação Brasileira de Normas Técnicas},
  year         = {2012},
}

@Manual{bib:abnt6023,
  title        = {NBR 6023 - Informação e documentação - Referências - Elaboração.},
  address      = {Rio de Janeiro},
  author       = {ABNT},
  edition      = {2},
  organization = {Associação Brasileira de Normas Técnicas},
  year         = {2018},
}

@Article{bib:adinolfi,
  author  = {ADINOLFI, A. et al},
  journal = {IEEE Transactions on Power Delivery},
  title   = {Experimental assessment of energy saving due to trains regenerative braking in an electrified subway line},
  year    = {1998},
  month   = oct,
  number  = {4},
  pages   = {1536-1542},
  volume  = {13},
}

@PhdThesis{bib:ferreira,
  author  = {FERREIRA, L. O. S.},
  school  = {UNICAMP},
  title   = {Modelo dos Trens da Linha Norte-Sul do Metrô de São Paulo.},
  year    = {1982},
  address = {São paulo},
  type    = {phdthesis},
}

@PhdThesis{bib:junqueira,
  author  = {JUNQUEIRA, G.},
  school  = {CEFET-MG},
  title   = {Estudo de um Gerador de Energia Utilizando Células Combustíveis},
  year    = {2019},
  address = {Leopoldina},
  type    = {phdthesis},
}

@Conference{bib:konig_porath,
  author    = {KÖNIG, N. H.; PORATH, F. E.},
  booktitle = {The 19th International Conference on Magnetically Levitated Systems and Linear Drives},
  title     = {SwissRapide Express, A Maglev High-Speed Line for Switzerland.},
  year      = {2006},
  address   = {Dresden, Germany},
}

@Conference{bib:kruse_james,
  author    = {KRUSE, J.; JAMES, A.},
  booktitle = {The 19th International Conference on Magnetically Levitated Systems and Linear Drives},
  title     = {Transrapid in Great Britain – Project UK Ultraspeed.},
  year      = {2006},
  address   = {Dresden, Germany},
}

@Electronic{bib:united_nations,
  author       = {UNITED NATIONS},
  month        = jul,
  note         = {Acessado em: 2 maio 2015},
  organization = {UN},
  title        = {World’s population increasingly urban with more than half living in urban areas.},
  url          = {http://www.un.org/en/development/desa/news/population/world-urbanization-prospects-2014.html},
  year         = {2014},
}

@PhdThesis{bib:mattos,
  author      = {MATTOS, L. S.},
  school      = {COPPE - UFRJ},
  title       = {Estudo da tração de um veículo de levitação magnética supercondutora: contribuição à certificação do MagLev-Cobra},
  year        = {2015},
  address     = {Rio de Janeiro},
  institution = {COPPE - UFRJ},
}

@Conference{bib:neumann,
  author    = {NEUMANN, B.},
  booktitle = {The 19th International Conference on Magnetically Levitated Systems and Linear Drives},
  title     = {Utilisation of the Transrapid in Europe.},
  year      = {2006},
  address   = {Dresden, Germany},
}

@Comment{jabref-meta: databaseType:bibtex;}
